<?xml version="1.0" encoding="UTF-8"?><collection xmlns="http://www.loc.gov/MARC21/slim"><record><leader>00614nam--2200181-u-4500</leader><controlfield tag="001">000054563</controlfield><controlfield tag="002">20161230</controlfield><controlfield tag="005">20161230201051</controlfield><controlfield tag="008">120127s1000------------r-----000-0-fre-d</controlfield><datafield ind1=" " ind2=" " tag="040"><subfield code="a">IFIN-HH</subfield></datafield><datafield ind1=" " ind2=" " tag="041"><subfield code="a">fre</subfield></datafield><datafield ind1=" " ind2=" " tag="080"><subfield code="a">539.124(061.3)</subfield></datafield><datafield ind1="1" ind2=" " tag="100"><subfield code="a">Aymar, Mireille</subfield></datafield><datafield ind1="1" ind2="0" tag="245"><subfield code="a">Rcp 783 du cnrs "systemes atomiques et moleculaires a deux electrons actifs, couplage discret-continuum, champs externes"</subfield><subfield code="b">Quatrieme colloque gif-sur-yvette, orsay, 14-16 decembre 1987</subfield><subfield code="c">Mireille aymar (ed.)</subfield></datafield><datafield ind1=" " ind2=" " tag="260"><subfield code="a">Orsay</subfield><subfield code="b">Universite Paris</subfield><subfield code="c">1987</subfield></datafield><datafield ind1=" " ind2=" " tag="300"><subfield code="a">132P</subfield></datafield><datafield ind1=" " ind2=" " tag="852"><subfield code="a">79065</subfield><subfield code="c">539.12</subfield></datafield><datafield ind1=" " ind2=" " tag="CAT"><subfield code="a">Sys</subfield><subfield code="c">20120127</subfield><subfield code="h">134417</subfield></datafield></record></collection>